<?xml version="1.0" encoding="UTF-8"?><collection xmlns="http://www.loc.gov/MARC21/slim"><record><leader>00396nam--2200121-i-4500</leader><controlfield tag="001">000003258</controlfield><controlfield tag="002">20161230</controlfield><controlfield tag="005">20161230201025</controlfield><controlfield tag="008">060222s1000------------r-----000-0-eng-d</controlfield><datafield ind1=" " ind2=" " tag="100"><subfield code="a">Couderc, Paul</subfield></datafield><datafield ind1=" " ind2=" " tag="245"><subfield code="a">La relativite. ouvrage couronne par l academie des sciences. 9-e edition</subfield></datafield><datafield ind1=" " ind2=" " tag="260"><subfield code="a">Paris, Presses Universitaires De France, 1956</subfield></datafield><datafield ind1=" " ind2=" " tag="490"><subfield code="a">Que Sais-je  Le Point Des Connaissances Actuelles</subfield></datafield></record></collection>